<?xml version="1.0" encoding="UTF-8"?>
  <record xmlns="http://www.loc.gov/MARC21/slim" type="Authority">
    <leader>00000nz  a2200000nc 4500</leader>
    <controlfield tag="001">942898907</controlfield>
    <controlfield tag="003">DE-101</controlfield>
    <controlfield tag="005">20161216222557.0</controlfield>
    <controlfield tag="008">941109n||azznnaabn           | ana    |c</controlfield>
    <datafield tag="024" ind1="7" ind2=" ">
      <subfield code="a">1700109-2</subfield>
      <subfield code="0">http://d-nb.info/gnd/1700109-2</subfield>
      <subfield code="2">gnd</subfield>
    </datafield>
    <datafield tag="035" ind1=" " ind2=" ">
      <subfield code="a">(DE-101)942898907</subfield>
    </datafield>
    <datafield tag="035" ind1=" " ind2=" ">
      <subfield code="a">(DE-588)1700109-2</subfield>
    </datafield>
    <datafield tag="035" ind1=" " ind2=" ">
      <subfield code="z">(DE-588)4554061-5</subfield>
    </datafield>
    <datafield tag="035" ind1=" " ind2=" ">
      <subfield code="z">(DE-588c)4554061-5</subfield>
      <subfield code="9">v:zg</subfield>
    </datafield>
    <datafield tag="035" ind1=" " ind2=" ">
      <subfield code="z">(DE-588b)1700109-2</subfield>
      <subfield code="9">v:zg</subfield>
    </datafield>
    <datafield tag="040" ind1=" " ind2=" ">
      <subfield code="a">DE-20</subfield>
      <subfield code="c">DE-20</subfield>
      <subfield code="9">r:DE-20</subfield>
      <subfield code="b">ger</subfield>
      <subfield code="d">9999</subfield>
      <subfield code="e">rda</subfield>
    </datafield>
    <datafield tag="042" ind1=" " ind2=" ">
      <subfield code="a">gnd1</subfield>
    </datafield>
    <datafield tag="043" ind1=" " ind2=" ">
      <subfield code="c">XA-DE</subfield>
    </datafield>
    <datafield tag="065" ind1=" " ind2=" ">
      <subfield code="a">3</subfield>
      <subfield code="2">sswd</subfield>
    </datafield>
    <datafield tag="065" ind1=" " ind2=" ">
      <subfield code="a">3.6a</subfield>
      <subfield code="2">sswd</subfield>
    </datafield>
    <datafield tag="075" ind1=" " ind2=" ">
      <subfield code="b">b</subfield>
      <subfield code="2">gndgen</subfield>
    </datafield>
    <datafield tag="075" ind1=" " ind2=" ">
      <subfield code="b">kir</subfield>
      <subfield code="b">kiv</subfield>
      <subfield code="2">gndspec</subfield>
    </datafield>
    <datafield tag="079" ind1=" " ind2=" ">
      <subfield code="a">g</subfield>
      <subfield code="q">f</subfield>
      <subfield code="q">s</subfield>
      <subfield code="u">z</subfield>
    </datafield>
    <datafield tag="110" ind1="2" ind2=" ">
      <subfield code="a">Pfarrei St. Kilian Würzburg</subfield>
    </datafield>
    <datafield tag="410" ind1="2" ind2=" ">
      <subfield code="a">Dompfarrei Würzburg</subfield>
    </datafield>
    <datafield tag="410" ind1="2" ind2=" ">
      <subfield code="a">Dompfarrei St. Kilian Würzburg</subfield>
    </datafield>
    <datafield tag="410" ind1="2" ind2=" ">
      <subfield code="a">Pfarrei Dom Würzburg</subfield>
    </datafield>
    <datafield tag="410" ind1="2" ind2=" ">
      <subfield code="a">Pfarrei Dom-Neumünster Würzburg</subfield>
    </datafield>
    <datafield tag="410" ind1="2" ind2=" ">
      <subfield code="a">Dom- und Neumünsterpfarrei Würzburg</subfield>
    </datafield>
    <datafield tag="510" ind1="2" ind2=" ">
      <subfield code="0">(DE-101)1027066925</subfield>
      <subfield code="0">(DE-588)1027066925</subfield>
      <subfield code="0">https://d-nb.info/gnd/1027066925</subfield>
      <subfield code="a">Pfarreiengemeinschaft Würzburg Innenstadt</subfield>
      <subfield code="4">rela</subfield>
      <subfield code="4">https://d-nb.info/standards/elementset/gnd#relatedCorporateBody</subfield>
      <subfield code="w">r</subfield>
      <subfield code="i">Relation allgemein</subfield>
      <subfield code="e">Relation allgemein</subfield>
    </datafield>
    <datafield tag="550" ind1=" " ind2=" ">
      <subfield code="0">(DE-101)040299848</subfield>
      <subfield code="0">(DE-588)4029984-3</subfield>
      <subfield code="0">https://d-nb.info/gnd/4029984-3</subfield>
      <subfield code="a">Katholische Gemeinde</subfield>
      <subfield code="4">obin</subfield>
      <subfield code="4">https://d-nb.info/standards/elementset/gnd#broaderTermInstantial</subfield>
      <subfield code="w">r</subfield>
      <subfield code="i">Oberbegriff instantiell</subfield>
    </datafield>
    <datafield tag="551" ind1=" " ind2=" ">
      <subfield code="0">(DE-101)040670376</subfield>
      <subfield code="0">(DE-588)4067037-5</subfield>
      <subfield code="0">https://d-nb.info/gnd/4067037-5</subfield>
      <subfield code="a">Würzburg</subfield>
      <subfield code="4">orta</subfield>
      <subfield code="4">https://d-nb.info/standards/elementset/gnd#placeOfBusiness</subfield>
      <subfield code="w">r</subfield>
      <subfield code="i">Ort</subfield>
    </datafield>
    <datafield tag="551" ind1=" " ind2=" ">
      <subfield code="0">(DE-101)040050440</subfield>
      <subfield code="0">(DE-588)4005044-0</subfield>
      <subfield code="0">https://d-nb.info/gnd/4005044-0</subfield>
      <subfield code="a">Bayern</subfield>
      <subfield code="4">geow</subfield>
      <subfield code="4">https://d-nb.info/standards/elementset/gnd#spatialAreaOfActivity</subfield>
      <subfield code="w">r</subfield>
      <subfield code="i">Wirkungsraum</subfield>
    </datafield>
    <datafield tag="670" ind1=" " ind2=" ">
      <subfield code="a">Homepage</subfield>
      <subfield code="b">Stand: 08.08.2016</subfield>
      <subfield code="u">http://www.dom-wuerzburg.de</subfield>
    </datafield>
    <datafield tag="913" ind1=" " ind2=" ">
      <subfield code="S">gkd</subfield>
      <subfield code="i">a</subfield>
      <subfield code="a">Pfarrei &lt;Würzburg&gt;</subfield>
      <subfield code="0">(DE-588b)1700109-2</subfield>
    </datafield>
    <datafield tag="913" ind1=" " ind2=" ">
      <subfield code="S">swd</subfield>
      <subfield code="i">c</subfield>
      <subfield code="a">Würzburg / Dom &lt;Würzburg&gt; &lt;Pfarrei&gt;</subfield>
      <subfield code="0">(DE-588c)4554061-5</subfield>
    </datafield>
  </record>
